% bib.bib

@misc{echo:18,
  Author = {The Echo Nest},
  Title = {The Echo Nest},
  note = {\url{theechonest.com}.},
}

@misc{echo:14,
  Author = {The Echo Nest},
  Title = {The Echo Nest Joins Spotify},
  note = {\url{http://blog.echonest.com/post/78749300941/the-echo-nest-joins-spotify}.},
}

@misc{Midia:18,
  Author = {Music Industry Blog},
  Title = {Mid-Year 2018 Streaming Market Shares},
  note = {\url{https://musicindustryblog.wordpress.com/2018/09/13/mid-year-2018-streaming-market-shares/}.},
}

@article{Downie:03,
  author = {J. Stephen Downie},
  title = {Music Information Retrieval},
  journal = {Annual Review of Information Science and Technology 37: 295-340},
  year = {2003},
}

@article{Pasick:15,
  author = {Adam Pasick},
  title = {The magic that makes Spotify's Discover Weekly playlists so damn good},
  note = {\url{https://qz.com/571007/}.},
  year = {2015},
}

@misc{Spotify:15,
  author = {Chris Johnson},
  title = {From Idea to Execution: Spotify's Discover Weekly},
  note = {\url{https://www.slideshare.net/MrChrisJohnson/from-idea-to-execution-spotifys-discover-weekly/31-1_0_0_0_1}.},
  year = {2015}
}

@misc{Dev:18,
  author = {Spotify},
  title = {Audio Features and Analysis},
  note = {\url{https://developer.spotify.com/discover/}.},
  year = {2018}
}

@misc{Ciocca:17,
  author = {Sophia Ciocca},
  title = {How Does Spotify Know You So Well?},
  note = {\url{https://medium.com/s/story/spotifys-discover-weekly-how-machine-learning-finds-your-new-music-19a41ab76efe}.},
  year = {2017}
}

@misc{Constine:15,
  author = {Josh Constine},
  title = {Inside the Spotify-Echo Nest Skunkworks},
  note = {\url{https://techcrunch.com/2014/10/19/the-sonic-mad-scientists/}.},
  year = {2015}
}

@misc{Heath:15,
  author = {Alex Heath},
  title ={Spotify is getting unbelievably good at picking music — here’s an inside look at how},
  note = {\url{https://www.businessinsider.com/inside-spotify-and-the-future-of-music-streaming}.},
  year = {2015},
}

@misc{SDK:18,
  author = {Spotify},
  title = {Web Playback SDK},
  note = {\url{https://developer.spotify.com/documentation/web-playback-sdk/}.},
  year = {2018},
}

@misc{Newsroom:18,
  author = {Spotify},
  title = {Spotify Company Info},
  note = {\url{https://newsroom.spotify.com/company-info/}.},
  year = {2018},
}

@misc{Hettinger:04,
  author = {Raymond Hettinger},
  title = {RANDOM SAMPLES WITHOUT REPLACEMENT (PYTHON RECIPE)},
  note = {\url{http://code.activestate.com/recipes/272884-random-samples-without-replacement/}.},
  year = {2004},
}

@misc{Lamere:17,
  author = {Paul Lamere},
  title = {Spotipy Documentation},
  note = {\url{https://spotipy.readthedocs.io/en/latest/}.},
  year = {2017},
}

@misc{Pallets:18,
  author = {Pallets Team},
  title = {Flask Documentation},
  note = {\url{http://flask.pocoo.org/docs/1.0/}.},
  year = {2018},
}

@misc{Spotify:19,
  author = {Spotify for Developers},
  title = {Developer Showcase},
  note = {\url{https://developer.spotify.com/community/showcase/}.},
  year = {2019},
}

@misc{Matplotlib:19,
  author = {Matplotlib},
  title = {User's Guide},
  note = {\url{https://matplotlib.org/users/index.html}.},
  year = {2019},
}

@misc{TopHits:19,
  author = {Spotify},
  title = {Today's Top Hits},
  note = {\url{https://open.spotify.com/user/spotify/playlist/37i9dQZF1DXcBWIGoYBM5M?si=6oaz5a0SRzu6II1LltFrEA}.},
  year = {2019},
}

@misc{Pandas:19,
  author = {PyData Development Team},
  title = {Pandas Documentation},
  note = {\url{https://pandas.pydata.org/pandas-docs/stable/getting_started/overview.html}.},
  year = {2019},
}

@misc{Aleksik:18,
  author = {Stefan Aleksik},
  title = {musicScape},
  note = {\url{https://github.com/StefanAleksik/musicScape}.},
  year = {2018},
}


@misc{DeBock:17,
  author = {Bart De Bock},
  title = {Klarafy},
  note = {\url{http://klarafy.klara.be/en/?utm_source=spotify.developer.showcase&utm_medium=referral}.},
  year = {2017},
}

@misc{Klara:17,
  author = {FAMOUS},
  title = {Klarafy Documentation},
  note = {\url{http://klarafy.klara.be/en/about/}.},
  year = {2017},
}

@misc{Magic:15,
  author = {Joel Lovera},
  title = {MagicPlaylist},
  note = {\url{https://magicplaylist.co/#/?_k=x76vtc}.},
  year = {2015},
}

@misc{Lovera:15,
  author = {Joel Lovera},
  title = {MagicPlaylist Documentation/Source Code},
  note = {\url{https://github.com/loverajoel/magicplaylist}.},
  year = {2015},
}

@misc{Hammer:18,
  author = {Zach Hammer},
  title = {Playlist Souffle},
  note = {\url{https://playlistsouffle.com/playlists}.},
  year = {2018},
}

@INPROCEEDINGS{6566767, 
  author={B. {Zhang} and G. {Kreitz} and M. {Isaksson} and J. {Ubillos} and G. {Urdaneta} and J. A. {Pouwelse} and D. {Epema}}, 
  booktitle={2013 Proceedings IEEE INFOCOM}, 
  title={Understanding user behavior in Spotify}, 
  year={2013}, 
  volume={}, 
  number={}, 
  pages={220-224}, 
  keywords={behavioural sciences computing;media streaming;music;peer-to-peer computing;Spotify;peer assisted music streaming service;user behavior;collected dataset analysis;session arrival pattern;playback arrival pattern;successive user session;device switching behavior;massive user base;Mobile communication;Correlation;Switches;Music;Streaming media;Mobile handsets;Mobile computing}, 
doi={10.1109/INFCOM.2013.6566767}, 
ISSN={0743-166X}, 
month={April},}

@article{2018arXiv181001520Z,
   author = {{Zamani}, H. and {Schedl}, M. and {Lamere}, P. and {Chen}, C.-W.
	},
    title = "{An Analysis of Approaches Taken in the ACM RecSys Challenge 2018 for Automatic Music Playlist Continuation}",
  journal = {ArXiv e-prints},
archivePrefix = "arXiv",
   eprint = {1810.01520},
 primaryClass = "cs.IR",
 keywords = {Computer Science - Information Retrieval, Computer Science - Machine Learning, Computer Science - Multimedia},
     year = 2018,
    month = oct,
   adsurl = {http://adsabs.harvard.edu/abs/2018arXiv181001520Z},
  adsnote = {Provided by the SAO/NASA Astrophysics Data System}
}
